<NS1:Input xmlns:NS1="http://soap.sctinst.redsys.es/consumed/RECEPCION_TRANSFERENCIA"><urn:Document xmlns:urn="urn:iso:std:iso:20022:tech:xsd:pacs.008.001.02"><urn:FIToFICstmrCdtTrf><urn:GrpHdr><urn:MsgId>STI008001020239TI7761090034</urn:MsgId><urn:CreDtTm>2017-09-18T10:29:10</urn:CreDtTm><urn:NbOfTxs>1</urn:NbOfTxs><urn:TtlIntrBkSttlmAmt Ccy="EUR">11</urn:TtlIntrBkSttlmAmt><urn:IntrBkSttlmDt>2017-09-18</urn:IntrBkSttlmDt><urn:SttlmInf><urn:SttlmMtd>CLRG</urn:SttlmMtd><urn:ClrSys><urn:Cd>CAM</urn:Cd></urn:ClrSys></urn:SttlmInf><urn:PmtTpInf><urn:SvcLvl><urn:Cd>SEPA</urn:Cd></urn:SvcLvl><urn:LclInstrm><urn:Cd>INST</urn:Cd></urn:LclInstrm></urn:PmtTpInf><urn:InstdAgt><urn:FinInstnId><urn:BIC>BBVAESMMXXX</urn:BIC></urn:FinInstnId></urn:InstdAgt></urn:GrpHdr><urn:CdtTrfTxInf><urn:PmtId><urn:InstrId>CORE0239TI7761090034</urn:InstrId><urn:EndToEndId>NOTPROVIDED</urn:EndToEndId><urn:TxId>0239TI7761090034</urn:TxId></urn:PmtId><urn:IntrBkSttlmAmt Ccy="EUR">11</urn:IntrBkSttlmAmt><urn:AccptncDtTm>2017-09-18T10:29:01</urn:AccptncDtTm><urn:ChrgBr>SLEV</urn:ChrgBr><urn:UltmtDbtr><urn:Nm>ULTIMO ORDENANTE</urn:Nm></urn:UltmtDbtr><urn:Dbtr><urn:Nm>SONSOLES PERSONA PRUEBAS</urn:Nm><urn:Id><urn:PrvtId><urn:Othr><urn:Id>17072017Z</urn:Id></urn:Othr></urn:PrvtId></urn:Id></urn:Dbtr><urn:DbtrAcct><urn:Id><urn:IBAN>ES0602392000453000825822</urn:IBAN></urn:Id></urn:DbtrAcct><urn:DbtrAgt><urn:FinInstnId><urn:BIC>EVOBESMMXXX</urn:BIC></urn:FinInstnId></urn:DbtrAgt><urn:CdtrAgt><urn:FinInstnId><urn:BIC>BBVAESMMXXX</urn:BIC></urn:FinInstnId></urn:CdtrAgt><urn:Cdtr><urn:Nm>BENEFICIARIO SCTI</urn:Nm></urn:Cdtr><urn:CdtrAcct><urn:Id><urn:IBAN>ES0701826208300201501731</urn:IBAN></urn:Id></urn:CdtrAcct><urn:RmtInf><urn:Ustrd>TRANSFERENCIA SCTI</urn:Ustrd></urn:RmtInf></urn:CdtTrfTxInf></urn:FIToFICstmrCdtTrf></urn:Document></NS1:Input>